@article{Goldstern1993,
	author = {Goldstern, Martin},
	journal = {Monatshefte f√ºr Mathematik},
	keywords = {measure one sections; -uniformly distributed sequence; Polish probability measure space; Borel set; uniform distribution},
	number = {3-4},
	pages = {237-244},
	title = {An Application of Shoenfield's Absoluteness Theorem to the Theory of Uniform Distribution.},
	url = {http://eudml.org/doc/178626},
	volume = {116},
	year = {1993},
}
